<record><leader>00000cas a22000007a 4500</leader><controlfield tag="001">19227054</controlfield><controlfield tag="008">890216d19451967pauwr ne      0    0eng d</controlfield><datafield ind1=" " ind2=" " tag="010"><subfield code="a">sn 89077059 </subfield></datafield><datafield ind1=" " ind2=" " tag="040"><subfield code="a">NPH</subfield><subfield code="b">eng</subfield><subfield code="c">NPH</subfield><subfield code="d">OCLCQ</subfield></datafield><datafield ind1=" " ind2=" " tag="042"><subfield code="a">msc</subfield></datafield><datafield ind1="0" ind2=" " tag="130"><subfield code="a">Mercer dispatch (Mercer, Pa. : 1945)</subfield></datafield><datafield ind1="1" ind2="4" tag="245"><subfield code="a">The Mercer dispatch.</subfield></datafield><datafield ind1=" " ind2=" " tag="260"><subfield code="a">Mercer, Mercer County, Pa. :</subfield><subfield code="b">Mercer Dispatch Print. Co.,</subfield><subfield code="c">1945-1967.</subfield></datafield><datafield ind1=" " ind2=" " tag="300"><subfield code="a">v. :</subfield><subfield code="b">ill. ;</subfield><subfield code="c">57 cm.</subfield></datafield><datafield ind1=" " ind2=" " tag="310"><subfield code="a">Weekly</subfield></datafield><datafield ind1="0" ind2=" " tag="362"><subfield code="a">Vol. 36, no. 44 (Jan. 5, 1945)-v. 57, no. 27 (Aug. 30, 1967).</subfield></datafield><datafield ind1=" " ind2=" " tag="500"><subfield code="a">Publisher: Allied Newspapers, &lt;1950&gt;.</subfield></datafield><datafield ind1=" " ind2=" " tag="515"><subfield code="a">Issues for -Aug. 30, 1967 called also -old ser. v. 101.</subfield></datafield><datafield ind1=" " ind2=" " tag="752"><subfield code="a">United States</subfield><subfield code="b">Pennsylvania</subfield><subfield code="c">Mercer</subfield><subfield code="d">Mercer.</subfield></datafield><datafield ind1="0" ind2="0" tag="780"><subfield code="t">Mercer dispatch and Republican</subfield><subfield code="w">(DLC)sn 87080136</subfield></datafield><datafield ind1="0" ind2="0" tag="785"><subfield code="t">Allied news the Mercer dispatch</subfield><subfield code="w">(DLC)sn 89077609</subfield></datafield></record>